<?xml version="1.0" encoding="UTF-8"?>
<record>
  <leader>     clm0 22        450 </leader>
  <controlfield tag="001">195457609</controlfield>
  <controlfield tag="002">40</controlfield>
  <controlfield tag="003">http://www.sudoc.fr/195457609</controlfield>
  <controlfield tag="004">20160930</controlfield>
  <controlfield tag="005">20200308204340.000</controlfield>
  <controlfield tag="006">4001</controlfield>
  <controlfield tag="007">1999</controlfield>
  <controlfield tag="008">Oax3</controlfield>
  <datafield tag="029" ind1=" " ind2=" ">
    <subfield code="a">FR</subfield>
    <subfield code="b">2015LYO30056</subfield>
  </datafield>
  <datafield tag="033" ind1=" " ind2=" ">
    <subfield code="a">http://www.theses.fr/2015LYO30056</subfield>
  </datafield>
  <datafield tag="035" ind1=" " ind2=" ">
    <subfield code="a">(OCoLC)959608146</subfield>
  </datafield>
  <datafield tag="035" ind1=" " ind2=" ">
    <subfield code="a">STAR65242</subfield>
  </datafield>
  <datafield tag="100" ind1=" " ind2=" ">
    <subfield code="a">20160930d2015    k  y0frey50      ba</subfield>
  </datafield>
  <datafield tag="101" ind1="0" ind2=" ">
    <subfield code="a">fre</subfield>
    <subfield code="d">fre</subfield>
    <subfield code="d">eng</subfield>
  </datafield>
  <datafield tag="102" ind1=" " ind2=" ">
    <subfield code="a">FR</subfield>
  </datafield>
  <datafield tag="105" ind1=" " ind2=" ">
    <subfield code="a">y   ma  00|yy</subfield>
  </datafield>
  <datafield tag="135" ind1=" " ind2=" ">
    <subfield code="a">dr|||||||||||</subfield>
  </datafield>
  <datafield tag="181" ind1=" " ind2=" ">
    <subfield code="6">z01</subfield>
    <subfield code="c">txt</subfield>
    <subfield code="2">rdacontent</subfield>
  </datafield>
  <datafield tag="181" ind1=" " ind2="1">
    <subfield code="6">z01</subfield>
    <subfield code="a">i#</subfield>
    <subfield code="b">xxxe##</subfield>
  </datafield>
  <datafield tag="182" ind1=" " ind2=" ">
    <subfield code="6">z01</subfield>
    <subfield code="c">c</subfield>
    <subfield code="2">rdamedia</subfield>
  </datafield>
  <datafield tag="182" ind1=" " ind2="1">
    <subfield code="6">z01</subfield>
    <subfield code="a">b</subfield>
  </datafield>
  <datafield tag="183" ind1=" " ind2="1">
    <subfield code="6">z01</subfield>
    <subfield code="a">ceb</subfield>
    <subfield code="2">rdacarrier</subfield>
  </datafield>
  <datafield tag="200" ind1="1" ind2=" ">
    <subfield code="a">Du politique comme dimension morphologique</subfield>
    <subfield code="e">la théorie des catastrophes et la question des formes de société</subfield>
    <subfield code="f">Clément Morier</subfield>
    <subfield code="g">sous la direction de Jean-Paul Joubert</subfield>
  </datafield>
  <datafield tag="214" ind1=" " ind2="1">
    <subfield code="d">2015</subfield>
  </datafield>
  <datafield tag="230" ind1=" " ind2=" ">
    <subfield code="a">Données textuelles</subfield>
  </datafield>
  <datafield tag="304" ind1=" " ind2=" ">
    <subfield code="a">Titre provenant de l&apos;écran-titre</subfield>
  </datafield>
  <datafield tag="314" ind1=" " ind2=" ">
    <subfield code="a">Ecole(s) Doctorale(s) : École doctorale de droit (Lyon)</subfield>
  </datafield>
  <datafield tag="314" ind1=" " ind2=" ">
    <subfield code="a">Autre(s) contribution(s) : Camille Froidevaux-Metterie (Président du jury) ; Camille Froidevaux-Metterie, Jacques Viret, Jean-Vincent Holeindre, Bruno Pinchard (Membre(s) du jury) ; Jacques Viret, Jean-Vincent Holeindre (Rapporteur(s))</subfield>
  </datafield>
  <datafield tag="328" ind1=" " ind2="0">
    <subfield code="b">Thèse de doctorat</subfield>
    <subfield code="c">Science politique</subfield>
    <subfield code="e">Lyon 3</subfield>
    <subfield code="d">2015</subfield>
  </datafield>
  <datafield tag="330" ind1=" " ind2=" ">
    <subfield code="a">Ce travail a pour objet une étude théorique des formes de société politique et des contraintes de production de leur unité collective. Le questionnement qui l’anime interroge les modalités de base génératrices d’une dimension collective, par laquelle faire tenir les agents sociaux ensemble, dans un espace commun. Ces formes sont considérées à partir de l’enseignement apporté par l’œuvre de Marcel Gauchet. Les travaux de ce dernier ont approfondi les modes différenciés de structuration de l’existence collective, selon le déploiement d’un fonctionnement autonome des collectivités humaines-sociales, par extraction hors de l’hétéronomie. Autour de l’instauration et de la modification possible des configurations d’un espace humain-social, il s’agit de s’interroger spécifiquement sur les contraintes de mise en forme, inhérentes aux possibilités de déploiement de cet espace. Cette formation interne sera appréhendée par un angle dynamique, issu des travaux fournis par l’œuvre morphologique de René Thom. Au travers de la théorie des catastrophes (TC), il a dressé une liste de formes stables et de processus de changement, instables dans le temps, mais robustes dans les dimensions qui en permettent le déploiement. Depuis l’analyse d’un système dynamique nécessaire à l’intelligence de ce déploiement, une articulation problématique se découvre : l’organisation de la dimension collective dans l’immanence, et la gestion politique de la dimension historique, incitent à questionner l’historicité interne des collectivités, à partir de la notion de processus morphologique et selon les déformations que ce processus peut connaître. Les éclairages que cette notion de processus apporte, indiquent l’effectivité d’un travail de la forme, dans l’étude du tenir ensemble des collectivités politiques.</subfield>
  </datafield>
  <datafield tag="330" ind1=" " ind2=" ">
    <subfield code="a">This work aims to understand the way societies are shaped and to identify the constraints within they move themselves. It tries to answer the question of how social agents turn out to act collectively in shared social space, in other words to make society. This work take forms into account following Marcel Gauchet’s work. Indeed Marcel Gauchet has managed to grasp the differentiated patterns structuring collective life, characterising them as resulting from the deployment of an autonomous functioning of human-social communities, by extraction from heteronomy. The present work goes on step further and, considering the establishment and possible change of the configurations of a human-social space, it wonders about the constraining framework of the formation of this space. This internal shaping is looked into from René Thom’s morphological approach. Indeed, through his Catastrophe Theory (CT), René Thom compiled a list of stable forms and processes of change, unstable over time, but steady as far as the conditions of their formation are concerned. It accentuates the core issue: the organization of the collective dimension through immanence, and the political management of the historical dimension drive us to examine the inner historicity of communities from the concept of morphological process and according to the distortions it may undergo. This concept proves useful to understand the morphological dynamic which enable communities to hold together.</subfield>
  </datafield>
  <datafield tag="337" ind1=" " ind2=" ">
    <subfield code="a">Configuration requise : un logiciel capable de lire un fichier au format : application/pdf</subfield>
  </datafield>
  <datafield tag="451" ind1=" " ind2="|">
    <subfield code="0">231745273</subfield>
    <subfield code="t">Les morphologies du politique</subfield>
    <subfield code="o">approche comparée des oeuvres de René Thom et Marcel Gauchet</subfield>
    <subfield code="f">Clément Morier</subfield>
    <subfield code="c">[Bayonne]</subfield>
    <subfield code="n">Institut Universitaire Varenne</subfield>
    <subfield code="d">2018</subfield>
    <subfield code="p">1 vol. (XVI-494 p.)</subfield>
    <subfield code="s">Collection des thèses</subfield>
    <subfield code="y">978-2-37032-171-8</subfield>
  </datafield>
  <datafield tag="541" ind1="|" ind2=" ">
    <subfield code="a">A morphological perspective on the political dimension</subfield>
    <subfield code="e">catastrophe theory and the issue of social forms</subfield>
    <subfield code="z">eng</subfield>
  </datafield>
  <datafield tag="600" ind1=" " ind2="1">
    <subfield code="3">026883899</subfield>
    <subfield code="a">Gauchet</subfield>
    <subfield code="b">Marcel</subfield>
    <subfield code="f">1946-....</subfield>
    <subfield code="3">028633067</subfield>
    <subfield code="x">Critique et interprétation</subfield>
    <subfield code="2">rameau</subfield>
  </datafield>
  <datafield tag="600" ind1=" " ind2="1">
    <subfield code="3">027160998</subfield>
    <subfield code="a">Thom</subfield>
    <subfield code="b">René</subfield>
    <subfield code="f">1923-2002</subfield>
    <subfield code="3">028633067</subfield>
    <subfield code="x">Critique et interprétation</subfield>
    <subfield code="2">rameau</subfield>
  </datafield>
  <datafield tag="606" ind1=" " ind2=" ">
    <subfield code="3">030392438</subfield>
    <subfield code="a">Autonomie (philosophie)</subfield>
    <subfield code="2">rameau</subfield>
  </datafield>
  <datafield tag="606" ind1=" " ind2=" ">
    <subfield code="3">02739137X</subfield>
    <subfield code="a">Catastrophes, Théorie des</subfield>
    <subfield code="2">rameau</subfield>
  </datafield>
  <datafield tag="606" ind1=" " ind2=" ">
    <subfield code="3">027284514</subfield>
    <subfield code="a">Historicité</subfield>
    <subfield code="2">rameau</subfield>
  </datafield>
  <datafield tag="606" ind1=" " ind2=" ">
    <subfield code="3">049647490</subfield>
    <subfield code="a">Sociologie</subfield>
    <subfield code="2">rameau</subfield>
  </datafield>
  <datafield tag="608" ind1=" " ind2=" ">
    <subfield code="3">027253139</subfield>
    <subfield code="a">Thèses et écrits académiques</subfield>
    <subfield code="2">rameau</subfield>
  </datafield>
  <datafield tag="610" ind1="0" ind2=" ">
    <subfield code="a">Morphologie</subfield>
  </datafield>
  <datafield tag="610" ind1="0" ind2=" ">
    <subfield code="a">Condition politique</subfield>
  </datafield>
  <datafield tag="610" ind1="0" ind2=" ">
    <subfield code="a">Marcel Gauchet</subfield>
  </datafield>
  <datafield tag="610" ind1="0" ind2=" ">
    <subfield code="a">René Thom</subfield>
  </datafield>
  <datafield tag="610" ind1="0" ind2=" ">
    <subfield code="a">Autonomie</subfield>
  </datafield>
  <datafield tag="610" ind1="0" ind2=" ">
    <subfield code="a">Hétéronomie</subfield>
  </datafield>
  <datafield tag="610" ind1="0" ind2=" ">
    <subfield code="a">Théorie des catastrophes</subfield>
  </datafield>
  <datafield tag="610" ind1="0" ind2=" ">
    <subfield code="a">Espace social</subfield>
  </datafield>
  <datafield tag="610" ind1="0" ind2=" ">
    <subfield code="a">Pouvoir</subfield>
  </datafield>
  <datafield tag="610" ind1="0" ind2=" ">
    <subfield code="a">Conflit</subfield>
  </datafield>
  <datafield tag="676" ind1=" " ind2=" ">
    <subfield code="a">320</subfield>
  </datafield>
  <datafield tag="686" ind1=" " ind2=" ">
    <subfield code="a">320</subfield>
    <subfield code="2">TEF</subfield>
  </datafield>
  <datafield tag="700" ind1=" " ind2="1">
    <subfield code="3">163884773</subfield>
    <subfield code="a">Morier</subfield>
    <subfield code="b">Clément</subfield>
    <subfield code="4">070</subfield>
  </datafield>
  <datafield tag="701" ind1=" " ind2="1">
    <subfield code="3">026940981</subfield>
    <subfield code="a">Joubert</subfield>
    <subfield code="b">Jean-Paul</subfield>
    <subfield code="f">1946-....</subfield>
    <subfield code="c">professeur de sciences politiques</subfield>
    <subfield code="4">727</subfield>
  </datafield>
  <datafield tag="701" ind1=" " ind2="1">
    <subfield code="3">050441477</subfield>
    <subfield code="a">Froidevaux-Metterie</subfield>
    <subfield code="b">Camille</subfield>
    <subfield code="4">956</subfield>
    <subfield code="4">555</subfield>
  </datafield>
  <datafield tag="701" ind1=" " ind2="1">
    <subfield code="3">160194490</subfield>
    <subfield code="a">Viret</subfield>
    <subfield code="b">Jacques</subfield>
    <subfield code="4">958</subfield>
    <subfield code="4">555</subfield>
  </datafield>
  <datafield tag="701" ind1=" " ind2="1">
    <subfield code="3">110000609</subfield>
    <subfield code="a">Holeindre</subfield>
    <subfield code="b">Jean-Vincent</subfield>
    <subfield code="f">1979-....</subfield>
    <subfield code="4">958</subfield>
    <subfield code="4">555</subfield>
  </datafield>
  <datafield tag="701" ind1=" " ind2="1">
    <subfield code="3">029361176</subfield>
    <subfield code="a">Pinchard</subfield>
    <subfield code="b">Bruno</subfield>
    <subfield code="f">1955-....</subfield>
    <subfield code="4">555</subfield>
  </datafield>
  <datafield tag="711" ind1="0" ind2="2">
    <subfield code="3">026404494</subfield>
    <subfield code="a">Université Jean Moulin</subfield>
    <subfield code="c">Lyon</subfield>
    <subfield code="4">295</subfield>
  </datafield>
  <datafield tag="711" ind1="0" ind2="2">
    <subfield code="3">148863299</subfield>
    <subfield code="a">École doctorale de droit</subfield>
    <subfield code="c">Lyon</subfield>
    <subfield code="4">996</subfield>
  </datafield>
  <datafield tag="801" ind1=" " ind2="3">
    <subfield code="a">FR</subfield>
    <subfield code="b">Abes</subfield>
    <subfield code="c">20200308</subfield>
    <subfield code="g">AFNOR</subfield>
  </datafield>
  <datafield tag="830" ind1=" " ind2=" ">
    <subfield code="a">Réforme Rameau Genre-Forme retro thèses (ne pas supprimer)</subfield>
  </datafield>
  <datafield tag="856" ind1="4" ind2=" ">
    <subfield code="q">PDF</subfield>
    <subfield code="s">8138669</subfield>
    <subfield code="u">http://www.theses.fr/2015LYO30056/document</subfield>
    <subfield code="z">Accès au texte intégral</subfield>
  </datafield>
  <datafield tag="856" ind1="4" ind2=" ">
    <subfield code="u">https://scd-resnum.univ-lyon3.fr/out/theses/2015_out_morier_c.pdf</subfield>
  </datafield>
  <datafield tag="930" ind1=" " ind2=" ">
    <subfield code="5">693872102:58600355X</subfield>
    <subfield code="b">693872102</subfield>
    <subfield code="j">g</subfield>
  </datafield>
  <datafield tag="940" ind1=" " ind2=" ">
    <subfield code="5">693872102:58600355X</subfield>
    <subfield code="a">20170705</subfield>
    <subfield code="b">x</subfield>
  </datafield>
  <datafield tag="941" ind1=" " ind2=" ">
    <subfield code="5">693872102:58600355X</subfield>
    <subfield code="a">20170705</subfield>
    <subfield code="b">14:21:00.000</subfield>
  </datafield>
  <datafield tag="991" ind1=" " ind2=" ">
    <subfield code="5">693872102:58600355X</subfield>
    <subfield code="a">exemplaire créé automatiquement par STAR</subfield>
  </datafield>
</record>
